<?xml version="1.0" encoding="UTF-8"?>
  <record xmlns="http://www.loc.gov/MARC21/slim" type="Authority">
    <leader>00000nz  a2200000nc 4500</leader>
    <controlfield tag="001">118720945</controlfield>
    <controlfield tag="003">DE-101</controlfield>
    <controlfield tag="005">20220408141404.0</controlfield>
    <controlfield tag="008">880701n||azznnaabn           | aaa    |c</controlfield>
    <datafield tag="024" ind1="7" ind2=" ">
      <subfield code="a">118720945</subfield>
      <subfield code="0">http://d-nb.info/gnd/118720945</subfield>
      <subfield code="2">gnd</subfield>
    </datafield>
    <datafield tag="035" ind1=" " ind2=" ">
      <subfield code="a">(DE-101)118720945</subfield>
    </datafield>
    <datafield tag="035" ind1=" " ind2=" ">
      <subfield code="a">(DE-588)118720945</subfield>
    </datafield>
    <datafield tag="035" ind1=" " ind2=" ">
      <subfield code="z">(DE-588)1089475683</subfield>
    </datafield>
    <datafield tag="035" ind1=" " ind2=" ">
      <subfield code="z">(DE-588)188025790</subfield>
    </datafield>
    <datafield tag="035" ind1=" " ind2=" ">
      <subfield code="z">(DE-588a)188025790</subfield>
      <subfield code="9">v:zg</subfield>
    </datafield>
    <datafield tag="035" ind1=" " ind2=" ">
      <subfield code="z">(DE-588a)118720945</subfield>
      <subfield code="9">v:zg</subfield>
    </datafield>
    <datafield tag="035" ind1=" " ind2=" ">
      <subfield code="z">(DE-588c)4097670-1</subfield>
      <subfield code="9">v:zg</subfield>
    </datafield>
    <datafield tag="040" ind1=" " ind2=" ">
      <subfield code="a">DE-101</subfield>
      <subfield code="c">DE-101</subfield>
      <subfield code="9">r:DE-101</subfield>
      <subfield code="b">ger</subfield>
      <subfield code="d">2214</subfield>
      <subfield code="e">rda</subfield>
    </datafield>
    <datafield tag="042" ind1=" " ind2=" ">
      <subfield code="a">gnd1</subfield>
    </datafield>
    <datafield tag="043" ind1=" " ind2=" ">
      <subfield code="c">XA-DE</subfield>
      <subfield code="c">XA-DK</subfield>
      <subfield code="c">XA-SE</subfield>
    </datafield>
    <datafield tag="065" ind1=" " ind2=" ">
      <subfield code="a">16.5p</subfield>
      <subfield code="2">sswd</subfield>
    </datafield>
    <datafield tag="075" ind1=" " ind2=" ">
      <subfield code="b">p</subfield>
      <subfield code="2">gndgen</subfield>
    </datafield>
    <datafield tag="075" ind1=" " ind2=" ">
      <subfield code="b">pik</subfield>
      <subfield code="2">gndspec</subfield>
    </datafield>
    <datafield tag="079" ind1=" " ind2=" ">
      <subfield code="a">g</subfield>
      <subfield code="q">a</subfield>
      <subfield code="q">f</subfield>
      <subfield code="q">s</subfield>
      <subfield code="q">l</subfield>
      <subfield code="u">v</subfield>
    </datafield>
    <datafield tag="100" ind1="0" ind2=" ">
      <subfield code="a">Karl X. Gustav</subfield>
      <subfield code="c">Schweden, König</subfield>
      <subfield code="d">1622-1660</subfield>
    </datafield>
    <datafield tag="375" ind1=" " ind2=" ">
      <subfield code="a">1</subfield>
      <subfield code="2">iso5218</subfield>
    </datafield>
    <datafield tag="400" ind1="0" ind2=" ">
      <subfield code="a">Karl Gustav</subfield>
      <subfield code="b">X.</subfield>
      <subfield code="c">Schweden, König</subfield>
      <subfield code="d">1622-1660</subfield>
    </datafield>
    <datafield tag="400" ind1="0" ind2=" ">
      <subfield code="a">Karl Gustav</subfield>
      <subfield code="c">Pfalz-Zweibrücken-Kleeburg, Pfalzgraf</subfield>
      <subfield code="d">1622-1660</subfield>
    </datafield>
    <datafield tag="400" ind1="0" ind2=" ">
      <subfield code="a">Carolus Gustavus</subfield>
      <subfield code="c">of Bavarra</subfield>
      <subfield code="d">1622-1660</subfield>
    </datafield>
    <datafield tag="400" ind1="0" ind2=" ">
      <subfield code="a">Karl Gustaf</subfield>
      <subfield code="b">X.</subfield>
      <subfield code="c">Sverige, Konung</subfield>
      <subfield code="d">1622-1660</subfield>
    </datafield>
    <datafield tag="400" ind1="0" ind2=" ">
      <subfield code="a">Carl Gustav</subfield>
      <subfield code="b">X.</subfield>
      <subfield code="c">Schweden, König</subfield>
      <subfield code="d">1622-1660</subfield>
    </datafield>
    <datafield tag="400" ind1="0" ind2=" ">
      <subfield code="a">Carl Gustaf</subfield>
      <subfield code="b">X.</subfield>
      <subfield code="c">Schweden, König</subfield>
      <subfield code="d">1622-1660</subfield>
    </datafield>
    <datafield tag="400" ind1="0" ind2=" ">
      <subfield code="a">Karl Gustav</subfield>
      <subfield code="c">Schweden, König</subfield>
      <subfield code="d">1622-1660</subfield>
    </datafield>
    <datafield tag="400" ind1="0" ind2=" ">
      <subfield code="a">Carl Gustav</subfield>
      <subfield code="c">Schweden, König</subfield>
      <subfield code="d">1622-1660</subfield>
    </datafield>
    <datafield tag="400" ind1="0" ind2=" ">
      <subfield code="a">Carolus Gustavus</subfield>
      <subfield code="c">Suecia, Rex</subfield>
      <subfield code="d">1622-1660</subfield>
    </datafield>
    <datafield tag="400" ind1="0" ind2=" ">
      <subfield code="a">Carl Gustav</subfield>
      <subfield code="c">Herzog</subfield>
      <subfield code="d">1622-1660</subfield>
    </datafield>
    <datafield tag="400" ind1="0" ind2=" ">
      <subfield code="a">Carl Gustaff</subfield>
      <subfield code="d">1622-1660</subfield>
    </datafield>
    <datafield tag="400" ind1="0" ind2=" ">
      <subfield code="a">Carl Gustaffen</subfield>
      <subfield code="d">1622-1660</subfield>
    </datafield>
    <datafield tag="400" ind1="0" ind2=" ">
      <subfield code="a">Karl Gustav</subfield>
      <subfield code="c">Pfalz, Pfalzgraf</subfield>
      <subfield code="d">1622-1660</subfield>
    </datafield>
    <datafield tag="400" ind1="0" ind2=" ">
      <subfield code="a">Carl Gustav</subfield>
      <subfield code="c">Pfalz, Pfalzgraf</subfield>
      <subfield code="d">1622-1660</subfield>
    </datafield>
    <datafield tag="400" ind1="0" ind2=" ">
      <subfield code="a">Carl Gustav</subfield>
      <subfield code="c">Rhein, Pfaltzgraf</subfield>
      <subfield code="d">1622-1660</subfield>
    </datafield>
    <datafield tag="400" ind1="0" ind2=" ">
      <subfield code="a">Karl Gustav</subfield>
      <subfield code="c">Rhein, Pfaltzgraf</subfield>
      <subfield code="d">1622-1660</subfield>
    </datafield>
    <datafield tag="400" ind1="0" ind2=" ">
      <subfield code="a">Karl</subfield>
      <subfield code="b">X.</subfield>
      <subfield code="c">Schweden, König</subfield>
      <subfield code="d">1622-1660</subfield>
    </datafield>
    <datafield tag="400" ind1="0" ind2=" ">
      <subfield code="a">Carolus Gustavus</subfield>
      <subfield code="c">Schweden, König</subfield>
      <subfield code="d">1622-1660</subfield>
    </datafield>
    <datafield tag="400" ind1="0" ind2=" ">
      <subfield code="a">Karl Gustaf</subfield>
      <subfield code="b">X.</subfield>
      <subfield code="c">Sverige, Kung</subfield>
      <subfield code="d">1622-1660</subfield>
    </datafield>
    <datafield tag="400" ind1="0" ind2=" ">
      <subfield code="a">Carl Gustaf</subfield>
      <subfield code="b">X.</subfield>
      <subfield code="c">Sverige, Kung</subfield>
      <subfield code="d">1622-1660</subfield>
    </datafield>
    <datafield tag="400" ind1="0" ind2=" ">
      <subfield code="a">Carl Gustav</subfield>
      <subfield code="c">Sweden, Coninck</subfield>
      <subfield code="d">1622-1660</subfield>
    </datafield>
    <datafield tag="400" ind1="0" ind2=" ">
      <subfield code="a">C. G.</subfield>
      <subfield code="c">Sweden, Coninck</subfield>
      <subfield code="d">1622-1660</subfield>
    </datafield>
    <datafield tag="400" ind1="0" ind2=" ">
      <subfield code="a">Carl Gustaf</subfield>
      <subfield code="b">X.</subfield>
      <subfield code="c">Sverige, Konung</subfield>
      <subfield code="d">1622-1660</subfield>
    </datafield>
    <datafield tag="400" ind1="0" ind2=" ">
      <subfield code="a">Der Erhabene</subfield>
      <subfield code="d">1622-1660</subfield>
      <subfield code="4">pseu</subfield>
      <subfield code="4">https://d-nb.info/standards/elementset/gnd#pseudonym</subfield>
      <subfield code="w">r</subfield>
      <subfield code="i">Pseudonym</subfield>
      <subfield code="e">Pseudonym</subfield>
    </datafield>
    <datafield tag="400" ind1="1" ind2=" ">
      <subfield code="a">Erhabene, Der</subfield>
      <subfield code="d">1622-1660</subfield>
    </datafield>
    <datafield tag="500" ind1="0" ind2=" ">
      <subfield code="0">(DE-101)119314118</subfield>
      <subfield code="0">(DE-588)119314118</subfield>
      <subfield code="0">https://d-nb.info/gnd/119314118</subfield>
      <subfield code="a">Johann Casimir</subfield>
      <subfield code="c">Kleeburg, Pfalzgraf</subfield>
      <subfield code="d">1589-1652</subfield>
      <subfield code="4">bezf</subfield>
      <subfield code="4">https://d-nb.info/standards/elementset/gnd#familialRelationship</subfield>
      <subfield code="w">r</subfield>
      <subfield code="i">Beziehung familiaer</subfield>
      <subfield code="e">Beziehung familiaer</subfield>
      <subfield code="9">v:Vater</subfield>
    </datafield>
    <datafield tag="500" ind1="0" ind2=" ">
      <subfield code="0">(DE-101)1034716794</subfield>
      <subfield code="0">(DE-588)1034716794</subfield>
      <subfield code="0">https://d-nb.info/gnd/1034716794</subfield>
      <subfield code="a">Eleonora Catharina</subfield>
      <subfield code="c">Hessen-Eschwege, Landgräfin</subfield>
      <subfield code="d">1626-1692</subfield>
      <subfield code="4">bezf</subfield>
      <subfield code="4">https://d-nb.info/standards/elementset/gnd#familialRelationship</subfield>
      <subfield code="w">r</subfield>
      <subfield code="i">Beziehung familiaer</subfield>
      <subfield code="e">Beziehung familiaer</subfield>
      <subfield code="9">v:Schwester</subfield>
    </datafield>
    <datafield tag="500" ind1="0" ind2=" ">
      <subfield code="0">(DE-101)115616276</subfield>
      <subfield code="0">(DE-588)115616276</subfield>
      <subfield code="0">https://d-nb.info/gnd/115616276</subfield>
      <subfield code="a">Hedwig Eleonora</subfield>
      <subfield code="c">Schweden, Königin</subfield>
      <subfield code="d">1636-1715</subfield>
      <subfield code="4">bezf</subfield>
      <subfield code="4">https://d-nb.info/standards/elementset/gnd#familialRelationship</subfield>
      <subfield code="w">r</subfield>
      <subfield code="i">Beziehung familiaer</subfield>
      <subfield code="e">Beziehung familiaer</subfield>
      <subfield code="9">v:Ehefrau</subfield>
    </datafield>
    <datafield tag="500" ind1="0" ind2=" ">
      <subfield code="0">(DE-101)119160978</subfield>
      <subfield code="0">(DE-588)119160978</subfield>
      <subfield code="0">https://d-nb.info/gnd/119160978</subfield>
      <subfield code="a">Karl</subfield>
      <subfield code="b">XI.</subfield>
      <subfield code="c">Schweden, König</subfield>
      <subfield code="d">1655-1697</subfield>
      <subfield code="4">bezf</subfield>
      <subfield code="4">https://d-nb.info/standards/elementset/gnd#familialRelationship</subfield>
      <subfield code="w">r</subfield>
      <subfield code="i">Beziehung familiaer</subfield>
      <subfield code="e">Beziehung familiaer</subfield>
      <subfield code="9">v:Sohn</subfield>
    </datafield>
    <datafield tag="500" ind1="0" ind2=" ">
      <subfield code="0">(DE-101)1167192338</subfield>
      <subfield code="0">(DE-588)1167192338</subfield>
      <subfield code="0">https://d-nb.info/gnd/1167192338</subfield>
      <subfield code="a">Gustav Carlsson</subfield>
      <subfield code="c">Börring, Graf</subfield>
      <subfield code="d">1649-1708</subfield>
      <subfield code="4">bezf</subfield>
      <subfield code="4">https://d-nb.info/standards/elementset/gnd#familialRelationship</subfield>
      <subfield code="w">r</subfield>
      <subfield code="i">Beziehung familiaer</subfield>
      <subfield code="e">Beziehung familiaer</subfield>
      <subfield code="9">v:Sohn</subfield>
    </datafield>
    <datafield tag="548" ind1=" " ind2=" ">
      <subfield code="a">1622-1660</subfield>
      <subfield code="4">datl</subfield>
      <subfield code="4">https://d-nb.info/standards/elementset/gnd#dateOfBirthAndDeath</subfield>
      <subfield code="w">r</subfield>
      <subfield code="i">Lebensdaten</subfield>
    </datafield>
    <datafield tag="548" ind1=" " ind2=" ">
      <subfield code="a">08.11.1622-13.02.1660</subfield>
      <subfield code="4">datx</subfield>
      <subfield code="4">https://d-nb.info/standards/elementset/gnd#dateOfBirthAndDeath</subfield>
      <subfield code="w">r</subfield>
      <subfield code="i">Exakte Lebensdaten</subfield>
    </datafield>
    <datafield tag="550" ind1=" " ind2=" ">
      <subfield code="0">(DE-101)040315169</subfield>
      <subfield code="0">(DE-588)4031516-2</subfield>
      <subfield code="0">https://d-nb.info/gnd/4031516-2</subfield>
      <subfield code="a">König</subfield>
      <subfield code="4">adel</subfield>
      <subfield code="4">https://d-nb.info/standards/elementset/gnd#titleOfNobility</subfield>
      <subfield code="w">r</subfield>
      <subfield code="i">Adelstitel</subfield>
    </datafield>
    <datafield tag="550" ind1=" " ind2=" ">
      <subfield code="0">(DE-101)042388767</subfield>
      <subfield code="0">(DE-588)4238876-4</subfield>
      <subfield code="0">https://d-nb.info/gnd/4238876-4</subfield>
      <subfield code="a">Feldherr</subfield>
      <subfield code="4">berc</subfield>
      <subfield code="4">https://d-nb.info/standards/elementset/gnd#professionOrOccupation</subfield>
      <subfield code="w">r</subfield>
      <subfield code="i">Charakteristischer Beruf</subfield>
    </datafield>
    <datafield tag="551" ind1=" " ind2=" ">
      <subfield code="0">(DE-101)041179595</subfield>
      <subfield code="0">(DE-588)4117959-6</subfield>
      <subfield code="0">https://d-nb.info/gnd/4117959-6</subfield>
      <subfield code="a">Nyköping</subfield>
      <subfield code="4">ortg</subfield>
      <subfield code="4">https://d-nb.info/standards/elementset/gnd#placeOfBirth</subfield>
      <subfield code="w">r</subfield>
      <subfield code="i">Geburtsort</subfield>
    </datafield>
    <datafield tag="551" ind1=" " ind2=" ">
      <subfield code="0">(DE-101)040214532</subfield>
      <subfield code="0">(DE-588)4021453-9</subfield>
      <subfield code="0">https://d-nb.info/gnd/4021453-9</subfield>
      <subfield code="a">Göteborg</subfield>
      <subfield code="4">orts</subfield>
      <subfield code="4">https://d-nb.info/standards/elementset/gnd#placeOfDeath</subfield>
      <subfield code="w">r</subfield>
      <subfield code="i">Sterbeort</subfield>
    </datafield>
    <datafield tag="667" ind1=" " ind2=" ">
      <subfield code="a">NDSBIO</subfield>
    </datafield>
    <datafield tag="667" ind1=" " ind2=" ">
      <subfield code="a">12</subfield>
    </datafield>
    <datafield tag="667" ind1=" " ind2=" ">
      <subfield code="a">7</subfield>
    </datafield>
    <datafield tag="667" ind1=" " ind2=" ">
      <subfield code="a">384</subfield>
    </datafield>
    <datafield tag="667" ind1=" " ind2=" ">
      <subfield code="a">VD-17</subfield>
    </datafield>
    <datafield tag="670" ind1=" " ind2=" ">
      <subfield code="a">Acta Pacis Westphalicae</subfield>
    </datafield>
    <datafield tag="670" ind1=" " ind2=" ">
      <subfield code="a">Svenskt biografiskt lexikon</subfield>
      <subfield code="b">Stand: 28.10.2020</subfield>
      <subfield code="u">https://sok.riksarkivet.se/sbl/Presentation.aspx?id=12355</subfield>
    </datafield>
    <datafield tag="670" ind1=" " ind2=" ">
      <subfield code="a">Wikipedia</subfield>
      <subfield code="u">https://de.wikipedia.org/wiki/Karl_X._Gustav</subfield>
    </datafield>
    <datafield tag="672" ind1=" " ind2="0">
      <subfield code="a">Schreiben an alle Senatorn und gantze Ritterschaft deß*</subfield>
      <subfield code="f">1656</subfield>
    </datafield>
    <datafield tag="672" ind1=" " ind2="0">
      <subfield code="a">The life of Carolus Gustavus of Bavarra</subfield>
      <subfield code="f">1688</subfield>
    </datafield>
    <datafield tag="672" ind1=" " ind2="0">
      <subfield code="a">Der K. May. ... Schweden ... Tribunals-Ordnung ... aufgerichtet ... in Wißmar 1657</subfield>
      <subfield code="f">1657</subfield>
    </datafield>
    <datafield tag="672" ind1=" " ind2="0">
      <subfield code="a">An den Durchleuchtigsten und Großmächtigsten Röm. Kaiser Ferdinandum III., Deß Durchleuch*</subfield>
      <subfield code="f">1655</subfield>
    </datafield>
    <datafield tag="672" ind1=" " ind2="0">
      <subfield code="a">Der Königlichen Mayestät und Reiche Schweden Hohen Tribunals Ordnung von dem Durchleuch*</subfield>
      <subfield code="f">1657</subfield>
    </datafield>
    <datafield tag="672" ind1=" " ind2="0">
      <subfield code="a">Der Königlichen Mayestät in Schweden Schreiben An alle Senatorn und gantze Ritterschaff*</subfield>
      <subfield code="f">1656</subfield>
    </datafield>
    <datafield tag="672" ind1=" " ind2="0">
      <subfield code="a">Copia literarum, Sacrae Majestatis Regiae Sueciae Ad Eminentissimum Electorem Moguntinum,*</subfield>
      <subfield code="f">1657</subfield>
    </datafield>
    <datafield tag="672" ind1=" " ind2="0">
      <subfield code="a">Sacrae regiae majestatis Sueciae literae ad Eminentißimum Dn. Electorem Moguntinum et in *</subfield>
      <subfield code="f">1657</subfield>
    </datafield>
    <datafield tag="672" ind1=" " ind2="0">
      <subfield code="a">Sacrae Regiae Majestatis Sueciae binae literae</subfield>
      <subfield code="f">1658</subfield>
    </datafield>
    <datafield tag="672" ind1=" " ind2="0">
      <subfield code="a">An den Durchleuchtigsten und Großmächtigsten Röm. Kaiser, Ferdinandum III. Deß Durchleuch*</subfield>
      <subfield code="f">1655</subfield>
    </datafield>
    <datafield tag="678" ind1=" " ind2=" ">
      <subfield code="b">Pfalzgraf bei Rhein; Feldherr im Dreißigjährigen Krieg; 1650 zum schwed. König erklärt, regierte 1654-1660; seit 1654 verheiratet mit Hedwig Eleonore, Tochter Friedrichs III. von Holstein-Gottorp; Mitglied der Fruchtbringenden Gesellschaft (Der Erhabene)</subfield>
    </datafield>
    <datafield tag="913" ind1=" " ind2=" ">
      <subfield code="S">pnd</subfield>
      <subfield code="i">5</subfield>
      <subfield code="a">Carl Gustaf &lt;Sverige, Konung, X.&gt;</subfield>
      <subfield code="0">(DE-588a)118720945</subfield>
    </datafield>
    <datafield tag="913" ind1=" " ind2=" ">
      <subfield code="S">pnd</subfield>
      <subfield code="i">5</subfield>
      <subfield code="a">Karl Gustav &lt;Schweden, König, X.&gt;</subfield>
      <subfield code="0">(DE-588a)118720945</subfield>
    </datafield>
    <datafield tag="913" ind1=" " ind2=" ">
      <subfield code="S">pnd</subfield>
      <subfield code="i">5</subfield>
      <subfield code="a">Carl Gustaf &lt;Sverige, Konung, X.&gt;</subfield>
      <subfield code="0">(DE-588a)188025790</subfield>
    </datafield>
  </record>
